@incollection{tlahistory,
    author = {Leslie Lamport},
    title = {The Specification Language TLA+},
    pages = {616--620},
    booktitle = {Logics of specification languages},
    editor = {Dines Bj√∏rner e Martin C. Henson},
    publisher = {Springer},
    year = {2008},
    address = {Berlin},
    isbn = {3540741062},
    url = {http://lamport.azurewebsites.net/pubs/commentary-web.pdf}
}

@article{amazon,
 author = {Newcombe, Chris and Rath, Tim and Zhang, Fan and Munteanu, Bogdan and Brooker, Marc and Deardeuff, Michael},
 title = {How Amazon Web Services Uses Formal Methods},
 journal = {Commun. ACM},
 issue_date = {April 2015},
 volume = {58},
 number = {4},
 month = mar,
 year = {2015},
 issn = {0001-0782},
 pages = {66--73},
 numpages = {8},
 url = {http://doi.acm.org/10.1145/2699417},
 doi = {10.1145/2699417},
 acmid = {2699417},
 publisher = {ACM},
 address = {New York, NY, USA}
}

@incollection{Leonard2008,
    author = {Leonard, Elizabeth I. and Heitmeyer, Constance L.},
    title = {Automatic Program Generation from Formal Specifications using APTS},
    pages = {93--113},
    booktitle = {Automatic Program Development: A Tribute to Robert Paige},
    editor = {Danvy, Olivier and Mairson, Harry and Henglein, Fritz and Pettorossi, Alberto},
    year = {2008},
    publisher = {Springer Netherlands},
    address = {Dordrecht},
    isbn = {9781402065859},
    url = {https://doi.org/10.1007/978-1-4020-6585-9\_10}
}

@inproceedings{tlaps2010,
  TITLE = {{Verifying Safety Properties With the TLA+ Proof System}},
  AUTHOR = {Chaudhuri, Kaustuv and Doligez, Damien and Lamport, Leslie and Merz, Stephan},
  URL = {https://hal.inria.fr/inria-00534821},
  NOTE = {The original publication is available at www.springerlink.com},
  BOOKTITLE = {{Fifth International Joint Conference on Automated Reasoning - IJCAR 2010}},
  ADDRESS = {Edinburgh, United Kingdom},
  EDITOR = {J{\"u}rgen Giesl and Reiner Haehnle},
  PUBLISHER = {{Springer}},
  SERIES = {Lecture Notes in Artificial Intelligence},
  VOLUME = {6173},
  PAGES = {142--148},
  YEAR = {2010},
  MONTH = Jul,
  DOI = {10.1007/978-3-642-14203-1\_12},
  PDF = {https://hal.inria.fr/inria-00534821/file/tlaps.pdf},
  HAL_ID = {inria-00534821},
  HAL_VERSION = {v1},
}

@article{Najafi2013,
  author = {Najafi, Mehrnaz and Haghighi, H},
  year = {2013},
  month = {12},
  pages = {1953-1977},
  title = {A formal mapping from Object-Z specification to C++ code},
  volume = {20},
  journal = {Scientia Iranica}
}
